% Maths
@book{StoerBulirsch,
  author = "Stoer, J. and Bulirsch, R.",
  title = "{Introduction to Numerical Analysis}",
  publisher = "Springer",
  year = 1993,
}
 
% ROOT

@misc{ROOT,
   author = "Brun, R. and Rademakers, F. and others",
   title = "{ROOT: An Object-Oriented Data Analysis Framework}",
   note = "\url{http://root.cern.ch}"
}

% Fortran version

@misc{GarfieldFortran,
  author = "Veenhof, R.",
  title = "{Garfield - simulation of gaseous detectors}",
  note = "\url{http:://cern.ch/garfield}"
}

% ANSYS

@misc{ANSYS,
  title = "ANSYS",
  note = "\url{http://www.ansys.com}",
  key = "ANSYS"
}

% Elmer
@misc{Elmer,
  title = "Elmer",
  note = "\url{https://www.csc.fi/web/elmer}",
  key = "Elmer",
}

@misc{Gmsh,
  title = "{Gmsh -- A three-dimensional finite element mesh generator with built-in pre- and post-processing facilities}",
  note = "\url{http://gmsh.info}",
  key = "Gmsh",
}

% TCAD
@misc{Synopsys,
  title = "{Synopsys Sentaurus Device}",
  note = "\url{http://www.synopsys.com/products/tcad/tcad.html}",
  key = "Synopsys"
}

% Silicon transport parameters

@article{Lombardi1988,
  author = "Lombardi, C. and Manzini, S. and Saporito, A. and Vanzi, M.",
  title = "{A Physically Based Mobility Model for Numerical Simulation of Nonplanar Devices}",
  journal = "IEEE Trans. CAD",
  volume = 7,
  year = 1988,
  pages = "1164--1171"
}

@article{OmarReggiani1987,
  author = "Omar, M. A. and Reggiani, L.",
  title = "{Drift and diffusion of charge carriers in silicon and their empirical relation to the electric field}",
  journal = "Solid State Electronics",
  volume = 30,
  year = 1987,
  pages = "693-697"
}

@article{Haensch1990,
  author = "Selberherr, S. and H{\"ansch}, W. and Seavey, M. and Slotboom, J.",
  title = "{The Evolution of the MINIMOS Mobility Model}",
  journal = "Solid State Electronics",
  volume = 33,
  year = 1990,
  pages = "1425--1436"
}

@article{Masetti1983,
  author = "Masetti, G. and Severi, M. and Solmi, S.",
  title = "{Modeling of Carrier Mobility Against Carrier Concentration in Arsenic-, Phosphorus-, and Boron-Doped Silicon}",
  journal = "IEEE Trans. Electron Devices",
  volume = 30,
  year = 1983,
  pages = "764--769"
}

@article{Canali1975,
  author = "Canali, C. and Majni, G. and Minder, R. and Ottaviani, G.",
  title = "{Electron and Hole Drift VelocityMeasurements in Silicon and Their Empirical Relation to Electric Field and Temperature}",
  journal = "IEEE Trans. Electron Devices",
  volume = 22,
  year = 1975,
  pages = "1045--1047"
}

@article{Quay2000,
  author = "Quay, R. and Moglestue, C. and Palankovski, V. and Selberherr, S.",
  title = "A Temperature Dependent Model for the Saturation Velocity in Semiconductor Materials",
  journal = "Materials Science in Semiconductor Processing",
  volume = 3,
  year = 2000,
  pages = "149--155"
}

@article{Grant1973,
  author = "Grant, W. N.",
  title = "{Electron and Hole Ionization Rates in Epitaxial Silicon at High Fields}", 
  journal = "Solid State Electronics",
  volume = 16,
  year = 1973,
  pages = "1189--1203"
}

@article{VanOverstraeten1970,
  author = "van Overstraeten, R. and de Man, H.",
  title = "{Measurement of the Ionization Rates in Diffused Silicon p-n Junctions}",
  journal = "Solid State Electronics",
  volume = 13,
  year = 1970,
  pages = "583--608"
}
 
@article{Massey2006,
  author = "Massey, D. J. and David, J. P. R. and Rees, G. J.", 
  title = "{Temperature Dependence of Impact Ionization in Submicrometer Silicon Devices}", 
  journal = "IEEE Transactions on Electron Devices", 
  volume = 53, 
  year = 2006, 
  pages = "2328--2334", 
  doi = {10.1109/TED.2006.881010}, 
}

% GaAs
@article{Barnes1976,
  author = "Barnes, J. J. and Lomax, R. J. and Haddad, G. I.", 
  title = "{Finite-element simulation of GaAs MESFETs with lateral doping profiles and submicron gates}",
  journal = "IEEE Transactions on Electron Devices",
  volume = 23,
  year = 1976,
  pages = "1042--1048",
  doi = {10.1109/T-ED.1976.18533},
}

% Electrostatics

@book{Durand2,
   author = "Durand, E.",
   title = "{Electrostatique. T.2: Probl\`emes g\'eneraux; conducteurs}",
   publisher = "Masson",
   year = 1966
}

@book{Durand3,
   author = "Durand, E.",
   title = "{Electrostatique. T.3: M\'ethodes de calcul; di\'electriques}",
   publisher = "Masson",
   year = 1966
}

% neBEM

@article{Mukhopadhyay2007,
   author = "Majumdar, N. and Mukhopadhyay, S.",
   title = "{Simulation of 3D electrostatic configuration in gaseous detectors}",
   journal = "JINST",
   volume = 2,
   number = 9,
   page = {P09006},
   year = 2007
}
   
@article{Mukhopadhyay2006,
   author = "Majumdar, N. and Mukhopadhyay, S.",
   title = "{Simulation of three-dimensional electrostatic field configuration in wire chambers: a novel approach}",
   journal = "Nucl. Instr. Meth. A",
   volume = 566,
   year = 2006,
   page = "489--494"
}
  
@book{BlumRieglerRolandi2008,
   author = "Blum, W. and Riegler, W. and Rolandi, L.",
   title = "{Particle Detection with Drift Chambers}",
   publisher = "Springer",
   year = 2008
}

% Signals

@article{Shockley1938,
   author = "Shockley, W.",
   title = "{Currents to Conductors Induced by a Moving Point Charge}",
   journal = "J. Appl. Phys.",
   volume = 9,
   year = 1938,
   pages = "635--636"
}

@article{Ramo1939,
   author = "Ramo, S.",
   title = "{Currents Induced by Electron Motion}",
   journal = "Proceedings of the I.R.E.",
   volume = 27,
   year = 1939,
   pages = "584--585"
}

% Penning Transfer

@article{Sahin2010,
   author = "Sahin, O. and Tapan, I. and Ozmutlu, E. N. and Veenhof, R.",
   title = "{Penning transfer in argon-based gas mixtures}",
   journal = "JINST",
   volume = 5,
   year = 2010,
   pages = "P05002"
}

@unpublished{VeenhofAlice,
   author = "Veenhof, R.",
   title = "{Choosing a gas mixture for the ALICE TPC}",
   note = "\url{http://cern.ch/rjd/Alice}"
}

% Magboltz

@article{Biagi1999,
   author = "Biagi, S. F.",
   title = "{Monte Carlo simulation of electron drift and diffusion in counting gases under the influence of electric and magnetic fields}",
   journal = "Nucl. Instr. Meth. A",
   volume = 421,
   year = 1999, 
   pages = "234--240"
}

@unpublished{BiagiMagboltz,
   author = "Biagi, S. F.",
   title = "{Magboltz 11}",
   note = "\url{http://magboltz.web.cern.ch/magboltz}"
}

@article{Skullerud1968,
   author = "Skullerud, H. R.",
   title = "{The stochastic computer simulation of ion motion in a gas subjected to a constant electric field}",
   journal = "Brit. J. Appl. Phys.",
   volume = "1 (series 2)",
   year = 1968,
   pages = "1567--1577"
}

@article{OpalBeatyPeterson1971,
   author = "Opal, C. B. and Peterson, W. K. and Beaty, E. C.",
   title = "{Measurements of Secondary-Electron Spectra Produced By Electron Impact Ionization of a Number of Simple Gases}",
   journal = "J. Chem. Phys.",
   volume = 55,
   year = 1971,
   pages = "4100--4106"
}

% Monte Carlo Device Simulation

@article{JacoboniReggiani1983,
   author = "Jacoboni, C. and Reggiani, L.",
   title = "{The Monte Carlo method for the solution of charge transport in semiconductors with applications to covalent materials}",
   journal = "Rev. Mod. Phys.",
   volume = 55,
   year = 1983,
   pages = "645--705"
}

% Semiconductors

@incollection{SemiconductorHandbookTransport,
   author = "Roth, L. M.",
   title = "{Dynamics and Classical Transport of Carriers in Semiconductors}",
   editor = "Landsberg, P. T.",
   booktitle = "{Handbook on Semiconductors}",
   volume = 1,
   chapter = 10,
   year = 1992,
   publisher = "Elsevier",
   address = "Amsterdam"
}    

% PDG

@article{PDG2008,
   author       = "Amsler, C. and others",
   title        = "Review of Particle Physics",
   journal      = "Physics Letters B",
   volume       = 667,
   year         = 2008,
   pages        = "1--1340"
}

% Dielectric function

@book{Pines1966,
   author       = "Pines, D.",
   title        = "{Elementary Excitations in Solids}",
   publisher    = "Perseus",
   address      = "Reading, MA",
   series       = "Advanced book classics",
   year         = "1966",
}

@article{Lindhard1954,
   author = "Lindhard, J.",
   title = "{On the properties of a gas of charged particles}",
   journal = "Mat. Fys. Medd. Dan. Vid. Selsk.",
   volume = 28,
   number = 8,
   year = 1954,
   pages = "1--57"
}

@article{Bethe1930,
   author = "Bethe, H.",
   title = "{Zur Theorie des Durchgangs schneller Korpuskularstrahlen durch Materie}",
   journal = "Ann. Phys.",
   volume = 397,
   number = 3,
   year = 1930,
   pages = "325--400"
}

@article{Landau1944,
   author = "Landau, L. D.",
   title  = "On the energy loss of fast particles by ionisation",
   journal = "J. Phys. USSR",
   volume = 8,
   year = 1944
}

@article{AllisonCobb1980,
   author = "Allison, W. W. M. and Cobb, J. H.",
   title = "{Relativistic Charged Particle Identification by Energy Loss}",
   journal = "Ann. Rev. Nucl. Part. Sci.",
   volume = 30,
   year = 1980,
   pages = "253--298"
}

@article{Bichsel1988,
   author = "Bichsel, H.",
   title = "{Straggling in thin silicon detectors}",
   journal = "Rev. Mod. Phys.",
   volume = 60,
   number = 3,
   year = 1988,
   pages = "663--699"
}

@book{Fluka2005,
   author = "Ferrari, A. and Sala, P. R. and Fass\`o, A. and Ranft, J.",
   title = "{FLUKA: a multi-particle transport code (program version 2005)}",
   publisher = "CERN",
   address = "Geneva",
   year = 2005
}

@article{Fluka2007,
   author = "Battistoni, G. and Muraro, S. and Sala, P. R. and Cerutti, F. and Ferrari, A. and Roesler, S. and Fass\`o, A. and Ranft, J.",
   title = "{The FLUKA code: Description and benchmarking}",
   journal = "AIP Conf. Proc.",
   volume = 896,
   year = 2007,
   pages = "31--49"
}

@article{Geant4Ref1,
   author = "Agostinelli, S. and others",
   title = "{G4--a simulation toolkit}",
   journal = "Nucl. Instr. Meth. A",
   volume = 506,
   number = 3,
   year = 2003,
   pages = "250 - 303"
}

@article{Geant4Ref2,
   author={Allison, J. and others},
   title="{Geant4 developments and applications}",
   journal="IEEE Trans. Nucl. Sci.",
   volume = 53,
   number = 1,
   year= 2006,
   pages="270--278"
}

%Heed
   
@article{Smirnov2005,
   author = "Smirnov, I. B.",
   title = "{Modeling of ionization produced by fast charged particles in gases}",
   journal = "Nucl. Instr. Meth. A",
   volume = 554,
   year = 2005,
   pages = "474--493"
}

% SRIM
@book{Ziegler1985,
  author = "Ziegler, J. F. and Biersack, J. and Littmark, U.",
  title = "{The Stopping and Range of Ions in Matter}",
  publisher = "{Pergamon Press}",
  year = 1985,
}

% Vavilov distribution
@article{RotondiMontagna1990,
 author = "A. Rotondi and P. Montagna",
 title = "{Fast calculation of Vavilov distribution}",
 journal = "Nucl. Instr. Meth. B",
 volume = 47,
 year = 1990,
 pages = 215,
 doi = {10.1016/0168-583X(90)90749-K},
}

@article{Schorr1974,
 author = "B. Schorr",
 title = "{Programs for the Landau and the Vavilov distributions and the corresponding random numbers}",
 journal = "Computer Phys. Comm.",
 volume = 7,
 year = 1974,
 pages = 215,
 doi = {10.1016/0010-4655(74)90091-5},
}

% Ion mobilities

@article{Ellis1976,
  author = "Ellis, H. W. and others",
  title = "{Transport properties of gaseous ions over a wide energy range}",
  journal = "\href{http://dx.doi.org/10.1016/0092-640X(76)90001-2}{At. Data Nucl. Data Tables}",
  volume = 17,
  year = 1976,
  pages = "177--210"
}
 
@article{Ellis1978,
  author = "Ellis, H. W. and others",
  title = "{Transport properties of gaseous ions over a wide energy range. Part II}",
  journal = "\href{http://dx.doi.org/10.1016/0092-640X(78)90014-1}{At. Data Nucl. Data Tables}",
  volume = 22,
  year = 1978,
  pages = "179--217"
}

@article{Ellis1984,
  author = "Ellis, H. W. and others",
  title = "{Transport properties of gaseous ions over a wide energy range. Part III}",
  journal = "\href{http://dx.doi.org/10.1016/0092-640X(84)90018-4}{At. Data Nucl. Data Tables}",
  volume = 31,
  year = 1984,
  pages = "113--151"
}
 
@article{Viehland1995,
  author = "Viehland, L. and Mason, E. A.",
  title = "{Transport properties of gaseous ions over a wide energy range, IV}",
  journal = "\href{http://dx.doi.org/10.1006/adnd.1995.1004}{At. Data Nucl. Data Tables}",
  volume = 60,
  year = 1995,
  pages = "37--95"
}

@article{Riegler2014,
  title = "{Point charge potential and weighting field of a pixel or pad in a plane condenser}",
  journal = "Nucl. Instr. Meth. A",
  volume = 767,
  pages = "267 -- 270",
  year = 2014,
  author = "W. Riegler and G. Aglieri Rinella",
}

@article{Alkhazov1970,
  author = "Alkhazov, G. D.",
  title = "{Statistics of electron avalanches and ultimate resolution of proportional counters}",
  journal = "Nucl. Instr. Meth.",
  volume = 89,
  pages = "155 -- 165",
  year = 1970,
}
